<?xml version="1.0" encoding="UTF-8"?><collection xmlns="http://www.loc.gov/MARC21/slim"><record><leader>00552nam--2200181-i-4500</leader><controlfield tag="001">000017326</controlfield><controlfield tag="002">20161230</controlfield><controlfield tag="005">20161230201032</controlfield><controlfield tag="008">060222s1000------------r-----000-0-eng-d</controlfield><datafield ind1=" " ind2=" " tag="040"><subfield code="a">IFIN-HH</subfield></datafield><datafield ind1=" " ind2=" " tag="080"><subfield code="a">517.957</subfield></datafield><datafield ind1=" " ind2=" " tag="100"><subfield code="a">Ott,Edward(ed.)</subfield></datafield><datafield ind1=" " ind2=" " tag="245"><subfield code="a">Coping with chaos. analysis of chaotic data and the exploitation of chaotic systems</subfield></datafield><datafield ind1=" " ind2=" " tag="260"><subfield code="a">SINGAPORE, JOHN WILEY AND SONS, INC.1994 XII + 418p</subfield></datafield><datafield ind1=" " ind2=" " tag="490"><subfield code="a">Wiley Series In Nonlinear Science, 1994</subfield></datafield><datafield ind1=" " ind2=" " tag="700"><subfield code="a">Edward Ott, S.A</subfield></datafield><datafield ind1=" " ind2=" " tag="852"><subfield code="a">80276</subfield><subfield code="c">517.9</subfield></datafield><datafield ind1=" " ind2=" " tag="CAT"><subfield code="a">Sys</subfield><subfield code="c">20090609</subfield><subfield code="h">084441</subfield></datafield></record></collection>